@online{gnupgkeysigning,
  title = {The GNU Privacy Guard Manual - Key Signing},
  organization = {GnuPG},
  url = {https://www.gnupg.org/gph/en/manual/x334.html},
  urldate = {2023-05-16}
}

@online{pgpbest,
  title = {OpenPGP Best Practices},
  organization = {Riseup},
  url = {https://riseup.net/en/security/message-security/openpgp/best-practices},
  urldate = {2023-05-16}
}

@techreport{rfc4880,
  title = {OpenPGP Message Format},
  author = {J. Callas and L. Donnerhacke and H. Finney and D. Shaw and R. Thayer},
  type = {RFC},
  number = {4880},
  year = {2007},
  month = {November},
  url = {https://datatracker.ietf.org/doc/html/rfc4880},
  note = {Section 5.2.1: Signature Revocation}
}

@online{gnupgdoc,
  title = {GnuPG Privacy Handbook - Managing your keys},
  organization = {GnuPG},
  url = {https://www.gnupg.org/gph/en/manual/c481.html},
  urldate = {2023-05-16}
}

@online{gnupgprivate,
  title = {GnuPG Documentation - Private Keyring},
  organization = {GnuPG},
  url = {https://www.gnupg.org/documentation/manuals/gnupg/Private-Keys.html},
  urldate = {2023-05-16}
}

@online{gnupgsig,
  title = {GnuPG Documentation - Local vs. Exportable Signatures},
  organization = {GnuPG},
  url = {https://www.gnupg.org/documentation/manuals/gnupg/GPG-Options.html},
  urldate = {2023-05-16}
}

@online{gnupgwot,
  title = {The Web of Trust},
  organization = {GnuPG},
  url = {https://www.gnupg.org/gph/en/manual/x547.html},
  urldate = {2023-05-16}
}

@online{koch2018keyserver,
  author = {Koch, Werner},
  title = {GnuPG and OpenPGP Keyservers},
  year = {2018},
  url = {https://gnupg.org/blog/20190514-keyserver-problems.html},
  urldate = {2023-05-16}
}

@online{sksdoc,
  title = {SKS Keyserver Documentation},
  organization = {SKS Keyserver Project},
  url = {https://bitbucket.org/skskeyserver/sks-keyserver/wiki/Home},
  urldate = {2023-05-16}
}

@online{fiskerstrand2019guide,
  author = {Fiskerstrand, Kristian},
  title = {OpenPGP Key Server Administration Guide},
  year = {2019},
  url = {https://keyserver.mattrude.com/guides/building-server/},
  urldate = {2023-05-16}
}

@online{hansen2019poisoning,
  title = {Certificate Poisoning in the SKS Keyservers},
  url = {https://gist.github.com/rjhansen/67ab921ffb4084c865b3618d6955275f},
  urldate = {2023-05-16}
}

@online{keysopenpgp,
  title = {Keys.openpgp.org: A modern keyserver},
  organization = {OpenPGP},
  url = {https://keys.openpgp.org/about},
  urldate = {2023-05-16}
}
