@book{spinello2013cyberethics,
  title={Cyberethics: Morality and Law in Cyberspace},
  author={Spinello, Richard},
  year={2013},
  publisher={Jones \& Bartlett Learning}
}

@book{bishop2018computer,
  title={Computer Security: Art and Science},
  author={Bishop, Matt},
  year={2018},
  publisher={Addison-Wesley Professional},
  edition={2}
}

@article{cavoukian2009privacy,
  title={Privacy by design: The 7 foundational principles},
  author={Cavoukian, Ann},
  journal={Information and privacy commissioner of Ontario, Canada},
  volume={5},
  pages={12},
  year={2009}
}

@inproceedings{adams1999users,
  title={Users are not the enemy},
  author={Adams, Anne and Sasse, Martina Angela},
  booktitle={Communications of the ACM},
  volume={42},
  number={12},
  pages={40--46},
  year={1999},
  organization={ACM}
}

@article{cranor2005security,
  title={Security and usability: designing secure systems that people can use},
  author={Cranor, Lorrie Faith and Garfinkel, Simson},
  journal={O'Reilly Media, Inc.},
  year={2005}
}

@article{mason1986ethical,
  title={Four ethical issues of the information age},
  author={Mason, Richard O},
  journal={MIS quarterly},
  pages={5--12},
  year={1986},
  publisher={JSTOR}
}

@article{schneier2007need,
  title={Why cryptography is harder than it looks},
  author={Schneier, Bruce},
  journal={Information Security Bulletin},
  volume={2},
  number={2},
  pages={31--36},
  year={2007}
}

@book{schneier2015data,
  title={Data and Goliath: The hidden battles to collect your data and control your world},
  author={Schneier, Bruce},
  year={2015},
  publisher={WW Norton \& Company}
}

@book{pfleeger2015security,
  title={Security in computing},
  author={Pfleeger, Charles P and Pfleeger, Shari Lawrence and Margulies, Jonathan},
  year={2015},
  publisher={Prentice Hall Press}
}

@inproceedings{belanger2011privacy,
  title={Privacy in the digital age: a review of information privacy research in information systems},
  author={B{\'e}langer, France and Crossler, Robert E},
  booktitle={MIS quarterly},
  volume={35},
  number={4},
  pages={1017--1042},
  year={2011},
  organization={JSTOR}
}

@misc{acm2018,
  title={ACM Code of Ethics and Professional Conduct},
  author={{Association for Computing Machinery}},
  year={2018},
  howpublished={\url{https://www.acm.org/code-of-ethics}}
}

@article{friedman2008trust,
  title={Trust online},
  author={Friedman, Batya and Khan Jr, Peter H and Howe, Daniel C},
  journal={Communications of the ACM},
  volume={51},
  number={12},
  pages={31--34},
  year={2008},
  publisher={ACM New York, NY, USA}
}

@inproceedings{householder2020coordinated,
  title={The CERT guide to coordinated vulnerability disclosure},
  author={Householder, Allen D and Wassermann, Garret and Manion, Art and King, Chris},
  booktitle={Carnegie Mellon University Software Engineering Institute},
  year={2020}
}

@article{abebe2020roles,
  title={Roles for computing in social change},
  author={Abebe, Rediet and Barocas, Solon and Kleinberg, Jon and Levy, Karen and Raghavan, Manish and Robinson, David G},
  journal={Proceedings of the 2020 Conference on Fairness, Accountability, and Transparency},
  pages={252--260},
  year={2020}
}

@article{burmeister2016applied,
  title={Applied ethics and e-health: principles, challenges and solutions},
  author={Burmeister, Oliver K},
  journal={Social Media: The Good, the Bad, and the Ugly},
  pages={483--490},
  year={2016},
  publisher={Springer}
}

@article{solms2004ethics,
  title={From information security to... knowledge security},
  author={Von Solms, Rossouw and Du Toit, Dalien},
  journal={Computers \& Security},
  volume={23},
  number={6},
  pages={468--472},
  year={2004},
  publisher={Elsevier}
}

@article{acquisti2015privacy,
  title={Privacy and human behavior in the age of information},
  author={Acquisti, Alessandro and Brandimarte, Laura and Loewenstein, George},
  journal={Science},
  volume={347},
  number={6221},
  pages={509--514},
  year={2015},
  publisher={American Association for the Advancement of Science}
}

@book{stallings2017cryptography,
  title={Cryptography and network security: principles and practice},
  author={Stallings, William},
  year={2017},
  publisher={Pearson},
  edition={7}
}

@misc{iso27001,
  title={ISO/IEC 27001:2013 - Information technology — Security techniques — Information security management systems — Requirements},
  author={{International Organization for Standardization}},
  year={2013},
  howpublished={\url{https://www.iso.org/standard/54534.html}}
} 