@book{stallings2017cryptography,
  title={Cryptography and Network Security: Principles and Practice},
  author={Stallings, William},
  edition={7},
  year={2017},
  publisher={Pearson},
  address={London}
}

@article{schneier2007need,
  title={Why cryptography is harder than it looks},
  author={Schneier, Bruce},
  journal={Information Security Bulletin},
  volume={2},
  number={2},
  pages={31--38},
  year={1997}
}

@book{pfleeger2015security,
  title={Security in Computing},
  author={Pfleeger, Charles P and Pfleeger, Shari Lawrence and Margulies, Jonathan},
  edition={5},
  year={2015},
  publisher={Prentice Hall Press},
  address={Upper Saddle River, NJ, USA}
}

@inproceedings{solms2004ethics,
  title={The 10 deadly sins of information security management},
  author={Von Solms, Basie and Von Solms, Rossouw},
  booktitle={Computers \& Security},
  volume={23},
  number={5},
  pages={371--376},
  year={2004},
  publisher={Elsevier}
}

@article{mason1986ethical,
  title={Four ethical issues of the information age},
  author={Mason, Richard O},
  journal={MIS Quarterly},
  pages={5--12},
  year={1986},
  publisher={JSTOR}
}

@book{spinello2013cyberethics,
  title={Cyberethics: Morality and law in cyberspace},
  author={Spinello, Richard},
  year={2013},
  publisher={Jones \& Bartlett Learning}
}

@online{iso27001,
  title={ISO/IEC 27001 - Information security management systems},
  author={{International Organization for Standardization}},
  year={2022},
  url={https://www.iso.org/isoiec-27001-information-security.html},
  urldate={2024-03-29}
}

@article{belanger2011privacy,
  title={Privacy in the digital age: a review of information privacy research in information systems},
  author={B{\'e}langer, France and Crossler, Robert E},
  journal={MIS Quarterly},
  volume={35},
  number={4},
  pages={1017--1042},
  year={2011},
  publisher={JSTOR}
}

@book{bishop2018computer,
  title={Computer security: Art and science},
  author={Bishop, Matt},
  edition={2},
  year={2018},
  publisher={Addison-Wesley Professional}
}

@article{hoepers2007csirt,
  title={Boas práticas de segurança em condomínios digitais},
  author={Hoepers, Cristine and Steding-Jessen, Klaus},
  journal={Brazilian Journal of Information Security and Cryptography},
  volume={1},
  number={1},
  pages={23--31},
  year={2007}
}
