@book{stallings2017cryptography,
  title={Cryptography and Network Security: Principles and Practice},
  author={Stallings, William},
  edition={7},
  year={2017},
  publisher={Pearson},
  address={London}
}

@article{schneier2007need,
  title={Why cryptography is harder than it looks},
  author={Schneier, Bruce},
  journal={Information Security Bulletin},
  volume={2},
  number={2},
  pages={31--38},
  year={1997}
}

@book{pfleeger2015security,
  title={Security in Computing},
  author={Pfleeger, Charles P and Pfleeger, Shari Lawrence and Margulies, Jonathan},
  edition={5},
  year={2015},
  publisher={Prentice Hall Press},
  address={Upper Saddle River, NJ, USA}
}

@inproceedings{solms2004ethics,
  title={The 10 deadly sins of information security management},
  author={Von Solms, Basie and Von Solms, Rossouw},
  booktitle={Computers \& Security},
  volume={23},
  number={5},
  pages={371--376},
  year={2004},
  publisher={Elsevier}
}

@article{mason1986ethical,
  title={Four ethical issues of the information age},
  author={Mason, Richard O},
  journal={MIS Quarterly},
  pages={5--12},
  year={1986},
  publisher={JSTOR}
}

@book{spinello2013cyberethics,
  title={Cyberethics: Morality and law in cyberspace},
  author={Spinello, Richard},
  year={2013},
  publisher={Jones \& Bartlett Learning}
}

@online{iso27001,
  title={ISO/IEC 27001 - Information security management systems},
  author={{International Organization for Standardization}},
  year={2022},
  url={https://www.iso.org/isoiec-27001-information-security.html},
  urldate={2024-03-29}
}

@article{belanger2011privacy,
  title={Privacy in the digital age: a review of information privacy research in information systems},
  author={B{\'e}langer, France and Crossler, Robert E},
  journal={MIS Quarterly},
  volume={35},
  number={4},
  pages={1017--1042},
  year={2011},
  publisher={JSTOR}
}

@book{bishop2018computer,
  title={Computer security: Art and science},
  author={Bishop, Matt},
  edition={2},
  year={2018},
  publisher={Addison-Wesley Professional}
}

@article{hoepers2007csirt,
  title={Boas práticas de segurança em condomínios digitais},
  author={Hoepers, Cristine and Steding-Jessen, Klaus},
  journal={Brazilian Journal of Information Security and Cryptography},
  volume={1},
  number={1},
  pages={23--31},
  year={2007}
}

@inproceedings{adams1999users,
  title={Users are not the enemy},
  author={Adams, Anne and Sasse, Martina Angela},
  booktitle={Communications of the ACM},
  volume={42},
  number={12},
  pages={40--46},
  year={1999},
  organization={ACM}
}

@misc{lei9605,
  title={Lei nº 9.605, de 12 de fevereiro de 1998},
  author={{Presidência da República}},
  year={1998},
  howpublished={\url{http://www.planalto.gov.br/ccivil_03/leis/l9605.htm}},
  note={Dispõe sobre as sanções penais e administrativas derivadas de condutas e atividades lesivas ao meio ambiente}
}

@misc{lei14064,
  title={Lei nº 14.064, de 29 de setembro de 2020},
  author={{Presidência da República}},
  year={2020},
  howpublished={\url{http://www.planalto.gov.br/ccivil_03/_ato2019-2022/2020/lei/l14064.htm}},
  note={Aumenta as penas para crimes de maus-tratos contra cães e gatos}
}

@misc{lei12737,
  title={Lei nº 12.737, de 30 de novembro de 2012},
  author={{Presidência da República}},
  year={2012},
  howpublished={\url{http://www.planalto.gov.br/ccivil_03/_ato2011-2014/2012/lei/l12737.htm}},
  note={Dispõe sobre a tipificação criminal de delitos informáticos}
}

@misc{lgpd,
  title={Lei nº 13.709, de 14 de agosto de 2018},
  author={{Presidência da República}},
  year={2018},
  howpublished={\url{http://www.planalto.gov.br/ccivil_03/_ato2015-2018/2018/lei/l13709.htm}},
  note={Lei Geral de Proteção de Dados Pessoais}
}

@article{gotterbarn1999not,
  title={Not all codes are created equal: The software engineering code of ethics, a success story},
  author={Gotterbarn, Don},
  journal={Journal of Systems and Software},
  volume={48},
  number={2},
  pages={103--117},
  year={1999},
  publisher={Elsevier}
}

@article{acquisti2015privacy,
  title={Privacy and human behavior in the age of information},
  author={Acquisti, Alessandro and Brandimarte, Laura and Loewenstein, George},
  journal={Science},
  volume={347},
  number={6221},
  pages={509--514},
  year={2015},
  publisher={American Association for the Advancement of Science}
}