% Xorshift References
@article{marsaglia2003xorshift,
  title = {Xorshift {RNGs}},
  author = {Marsaglia, George},
  journal = {Journal of Statistical Software},
  volume = {8},
  number = {14},
  pages = {1--6},
  year = {2003},
  doi = {10.18637/jss.v008.i14},
  url = {https://doi.org/10.18637/jss.v008.i14}
}

@article{brent2004note,
  title = {Note on {Marsaglia's} {Xorshift} Random Number Generators},
  author = {Brent, Richard P.},
  journal = {Journal of Statistical Software},
  volume = {11},
  number = {5},
  year = {2004},
  doi = {10.18637/jss.v011.i05},
  url = {https://doi.org/10.18637/jss.v011.i05}
}

@article{panneton2005xorshift,
  title = {On the xorshift random number generators},
  author = {Panneton, Fran{\c{c}}ois and L'Ecuyer, Pierre},
  journal = {ACM Transactions on Modeling and Computer Simulation},
  volume = {15},
  number = {4},
  pages = {346--361},
  year = {2005},
  doi = {10.1145/1113316.1113319},
  url = {https://doi.org/10.1145/1113316.1113319}
}

@article{vigna2016experimental,
  title = {An experimental exploration of {Marsaglia's} xorshift generators, scrambled},
  author = {Vigna, Sebastiano},
  journal = {ACM Transactions on Mathematical Software},
  volume = {42},
  number = {4},
  pages = {30},
  year = {2016},
  doi = {10.1145/2845077},
  url = {https://doi.org/10.1145/2845077}
}

@article{blackman2018scrambled,
  title = {Scrambled Linear Pseudorandom Number Generators},
  author = {Blackman, David and Vigna, Sebastiano},
  journal = {arXiv preprint},
  volume = {arXiv:1805.01407},
  year = {2018}
}

% Blum Blum Shub References
@article{blum1986simple,
  title = {A Simple Unpredictable Pseudo-Random Number Generator},
  author = {Blum, Lenore and Blum, Manuel and Shub, Michael},
  journal = {SIAM Journal on Computing},
  volume = {15},
  number = {2},
  pages = {364--383},
  year = {1986},
  doi = {10.1137/0215025},
  url = {https://doi.org/10.1137/0215025}
}

@incollection{sidorenko2005concrete,
  title = {Concrete Security of the {Blum-Blum-Shub} Pseudorandom Generator},
  author = {Sidorenko, Andrey and Schoenmakers, Berry},
  booktitle = {Cryptography and Coding},
  pages = {355--375},
  year = {2005}
}

@article{vassilev2016entropy,
  title = {Entropy as a Service: Unlocking Cryptography's Full Potential},
  author = {Vassilev, Apostol and Staples, Robert},
  journal = {Computer},
  volume = {49},
  number = {9},
  pages = {98--102},
  year = {2016},
  doi = {10.1109/MC.2016.275},
  url = {https://doi.org/10.1109/MC.2016.275}
}

@article{koblitz2015riddle,
  title = {A riddle wrapped in an enigma},
  author = {Koblitz, Neal and Menezes, Alfred},
  journal = {IEEE Security \& Privacy},
  volume = {13},
  number = {6},
  pages = {34--42},
  year = {2015},
  doi = {10.1109/MSP.2015.132},
  url = {https://doi.org/10.1109/MSP.2015.132}
}

@book{menezes1996handbook,
  title = {Handbook of Applied Cryptography},
  author = {Menezes, Alfred J. and Vanstone, Scott A. and van Oorschot, Paul C.},
  publisher = {CRC Press},
  year = {1996},
  note = {Chapter 5: Pseudorandom Bits and Sequences}
}

% General Cryptography References
@techreport{iti2020cryptographic,
  title = {DOC-ICP-01.01: Requisitos M\'inimos para Criptografia de Chave P\'ublica na ICP-Brasil},
  author = {ITI},
  institution = {Instituto Nacional de Tecnologia da Informa\c{c}\~ao},
  year = {2020},
  url = {https://www.gov.br/iti/pt-br/centrais-de-conteudo/doc-icp-01-01-v-2-8-requisitos-minimos-para-criptografia-de-chave-publica-na-icp-brasil-pdf},
  note = {Estabelece requisitos m\'inimos de seguran\c{c}a para sistemas criptogr\'aficos baseados em chaves p\'ublicas}
}

% Fermat Primality Test References
@article{pomerance1980pseudoprimes,
  title = {The Pseudoprimes to 25{$\cdot$}10$^9$},
  author = {Pomerance, Carl and Selfridge, John L. and Wagstaff, Samuel S.},
  journal = {Mathematics of Computation},
  volume = {35},
  number = {151},
  pages = {1003--1026},
  year = {1980},
  doi = {10.1090/S0025-5718-1980-0572872-7},
  url = {https://doi.org/10.1090/S0025-5718-1980-0572872-7}
}

@book{cohen1993course,
  title = {A Course in Computational Algebraic Number Theory},
  author = {Cohen, Henri},
  publisher = {Springer-Verlag},
  year = {1993},
  note = {Chapter 8: Primality Testing}
}

@book{ribenboim1995new,
  title = {The New Book of Prime Number Records},
  author = {Ribenboim, Paulo},
  publisher = {Springer-Verlag},
  year = {1995},
  note = {Cap\'itulo 2: Testes de Primalidade}
}

@book{cormen2009introduction,
  title = {Introduction to Algorithms},
  author = {Cormen, Thomas H. and Leiserson, Charles E. and Rivest, Ronald L. and Stein, Clifford},
  edition = {3},
  publisher = {MIT Press},
  year = {2009},
  note = {Se\c{c}\~ao 31.8: Testes de Primalidade}
}

@article{alford1994infinitely,
  title = {There are Infinitely Many {Carmichael} Numbers},
  author = {Alford, W. R. and Granville, Andrew and Pomerance, Carl},
  journal = {Annals of Mathematics},
  volume = {140},
  number = {3},
  pages = {703--722},
  year = {1994},
  doi = {10.2307/2118576},
  url = {https://doi.org/10.2307/2118576}
}

@article{pinch1993carmichael,
  title = {The {Carmichael} Numbers up to 10$^{16}$},
  author = {Pinch, Richard G. E.},
  journal = {Mathematics of Computation},
  volume = {61},
  number = {203},
  pages = {381--391},
  year = {1993},
  doi = {10.1090/S0025-5718-1993-1137272-X},
  url = {https://doi.org/10.1090/S0025-5718-1993-1137272-X}
}

% Miller-Rabin References
@article{rabin1980probabilistic,
  title = {Probabilistic algorithm for testing primality},
  author = {Rabin, Michael O.},
  journal = {Journal of Number Theory},
  volume = {12},
  number = {1},
  pages = {128--138},
  year = {1980},
  doi = {10.1016/0022-314X(80)90084-0},
  url = {https://doi.org/10.1016/0022-314X(80)90084-0}
}

@article{miller1976riemann,
  title = {Riemann's Hypothesis and Tests for Primality},
  author = {Miller, Gary L.},
  journal = {Journal of Computer and System Sciences},
  volume = {13},
  number = {3},
  pages = {300--317},
  year = {1976},
  doi = {10.1016/S0022-0000(76)80043-8},
  url = {https://doi.org/10.1016/S0022-0000(76)80043-8}
}

@book{crandall2005prime,
  title = {Prime Numbers: A Computational Perspective},
  author = {Crandall, Richard and Pomerance, Carl},
  edition = {2},
  publisher = {Springer},
  year = {2005},
  note = {Chapter 3: Recognizing Primes and Composites}
}

@book{menezes1996handbook_miller,
  title = {Handbook of Applied Cryptography},
  author = {Menezes, Alfred J. and van Oorschot, Paul C. and Vanstone, Scott A.},
  publisher = {CRC Press},
  year = {1996},
  note = {Chapter 4: Primality Testing}
}

@book{yan2009primality,
  title = {Primality Testing and Integer Factorization in Public-Key Cryptography},
  author = {Yan, Song Y.},
  edition = {3},
  publisher = {Springer},
  year = {2009},
  note = {Chapter 5: Probabilistic Primality Tests}
}

@book{shoup2009computational,
  title = {A Computational Introduction to Number Theory and Algebra},
  author = {Shoup, Victor},
  edition = {2},
  publisher = {Cambridge University Press},
  year = {2009},
  note = {Section 11.5: The Miller-Rabin test}
}
